@article{smith03,
    author = "David M. Smith PhD",
    year = "2003",
    title = "The Cost of Lost Data",
    journal = "Graziadio Business Report",
    volume = "6",
    number = "3"
}

@inproceedings{cvk98,
    author = "Ann Chervenak, Vivekenand Vellanki, and Zachary Kurmas",
    year = "1998",
    title = "Protecting file systems: A survey of backup techniques",
    booktitle = "Proceedings of the Joint NASA and IEEE Mass Storage Conference"
}

@inproceedings{hutchinson99,
    author = "Norman C. Hutchinson, Stephen Manley, Mike Federwisch, Guy
        Harris, Dave Hitz, Steven Kleiman, and Sean O'Malley",
    year = "1999",
    title = "Logical vs. physical file system backup",
    booktitle = "Proceedings of the 3rd USENIX Symposium on Operating Systems
        Design and Implementation (OSDI)"
}
