@misc{AMANDA-about,
    howpublished = "\url{http://www.amanda.org/about.php}",
}

@misc{AMANDA-license,
    howpublished = "\url{http://amanda.zmanda.com/amanda-license.html}"
}

@misc{AMANDA-ent,
    howpublished = "\url{http://amanda.zmanda.com/amanda-enterprise-edition.html}"
}

@misc{Symantec-history,
    howpublished = "\url{http://www.symantec.com/redirects/backup_exec/presskit/BackupExec-history.pdf}"
}

@misc{Symantec-about,
    howpublished = "\url{http://www.symantec.com/business/backup-exec-for-windows-servers}"
}

@misc{Bacula-about,
    howpublished = "\url{http://www.bacula.org/en/dev-manual/main/main/What_is_Bacula.html}"
}

@misc{Bacula-features,
    howpublished = "\url{http://www.bacula.org/en/dev-manual/main/main/Current_State_Bacula.html}"
}
